<?xml version="1.0" encoding="utf-8"?>
<record xmlns="http://www.loc.gov/MARC21/slim" xmlns:xsi="http://www.w3.org/2001/XMLSchema-instance" xsi:schemaLocation="http://www.loc.gov/MARC21/slim http://www.loc.gov/standards/marcxml/schema/MARC21slim.xsd">
	<leader>     nam a22     Mi 4500</leader>
	<controlfield tag="001">b12466281</controlfield>
	<controlfield tag="003">UaCaAUL</controlfield>
	<controlfield tag="006">m        d        </controlfield>
	<controlfield tag="007">cr cn |||m|||a</controlfield>
	<controlfield tag="008">191001m18909999le      o     000 0 arar </controlfield>
	<datafield ind1=" " ind2=" " tag="040">
		<subfield code="a">ZYU</subfield>
		<subfield code="b">ara</subfield>
		<subfield code="e">rda</subfield>
		<subfield code="c">ZYU</subfield>
	</datafield>
	<datafield ind1=" " ind2="4" tag="050">
		<subfield code="a">PJ7601</subfield>
		<subfield code="b">.N3x 1890</subfield>
	</datafield>
	<datafield ind1="0" ind2=" " tag="050">
		<subfield code="a">PJ7631</subfield>
		<subfield code="b">.A16</subfield>
	</datafield>
	<datafield ind1="1" ind2=" " tag="100">
		<subfield code="6">880-01</subfield>
		<subfield code="a">Nājim, ʻAbd al-Raḥmān,</subfield>
		<subfield code="d">active 19th century.</subfield>
	</datafield>
	<datafield ind1="1" ind2="0" tag="240">
		<subfield code="6">880-02</subfield>
		<subfield code="a">Hadīyat al-umam wa-yanbūʻ al-ādāb wa-al-ḥikam</subfield>
	</datafield>
	<datafield ind1="1" ind2="0" tag="245">
		<subfield code="6">880-03</subfield>
		<subfield code="a">Kitāb Hadīyat al-umam wa-yanbūʻ al-ādāb wa-al-ḥikam /</subfield>
		<subfield code="c">taʼlīf ḥaḍrat al-ʻālim al-fāḍil wa-al-jahbadh al-naḥrīr al-kāmil ʻizzatlū ʻAbd al-Raḥmān Nājim, afandī, al-muddaʻī al-ʻumūmī fī wilāyit Bayrūt al-jalīlah.</subfield>
	</datafield>
	<datafield ind1="3" ind2="0" tag="246">
		<subfield code="6">880-04</subfield>
		<subfield code="a">Hadīyat al-umam wa-yanbūʻ al-ādāb wa-al-ḥikam</subfield>
	</datafield>
	<datafield ind1=" " ind2="1" tag="264">
		<subfield code="6">880-05</subfield>
		<subfield code="a">Bayrūt :</subfield>
		<subfield code="b">ṭubiʻ fī Maṭbaʻat Jarīdat Bayrūt,</subfield>
		<subfield code="c">1308 Hijrīyah [1890 or 1891]-</subfield>
	</datafield>
	<datafield ind1=" " ind2=" " tag="300">
		<subfield code="a">online resource (volumes)</subfield>
	</datafield>
	<datafield ind1=" " ind2=" " tag="336">
		<subfield code="a">text</subfield>
		<subfield code="2">rdacontent</subfield>
	</datafield>
	<datafield ind1=" " ind2=" " tag="337">
		<subfield code="a">computer</subfield>
		<subfield code="2">rdamedia</subfield>
	</datafield>
	<datafield ind1=" " ind2=" " tag="338">
		<subfield code="a">online resource</subfield>
		<subfield code="2">rdacarrier</subfield>
	</datafield>
	<datafield ind1=" " ind2=" " tag="500">
		<subfield code="6">880-06</subfield>
		<subfield code="a">Bi-rukhṣat Niẓārat al-Maʻārif al-jalīlah.</subfield>
	</datafield>
	<datafield ind1=" " ind2=" " tag="500">
		<subfield code="6">880-07</subfield>
		<subfield code="a">Ḥuqūq al-ṭabʻ maḥfūẓah li-Idārat Jarīdat Bayrūt.</subfield>
	</datafield>
	<datafield ind1=" " ind2=" " tag="500">
		<subfield code="6">880-08</subfield>
		<subfield code="a">At head of title &quot;Ṭughrāʼ&quot;: ʻAbd al-Ḥamīd Khān ibn ʻAbd al-Majīd al-Muẓaffar dāʼiman al-Ghāzī.</subfield>
	</datafield>
	<datafield ind1=" " ind2=" " tag="500">
		<subfield code="a">Decorated title page.</subfield>
	</datafield>
	<datafield ind1=" " ind2=" " tag="500">
		<subfield code="6">880-09</subfield>
		<subfield code="a">&quot;Wa-kāna khitām ṭabʻ hādhā al-juzʼ al-nafīs fī awāʼil Dhī al-Qiʻdah al-ḥarām min shuhūr ʻām  tisʻ wa-thalāthumāyah wa-alf min al-Hijrah&quot;--Colophon.</subfield>
	</datafield>
	<datafield ind1=" " ind2=" " tag="500">
		<subfield code="a">Part of the Arabic Collections Online (ACO) project, contributed by American University in Cairo Library.</subfield>
	</datafield>
	<datafield ind1="1" ind2=" " tag="505">
		<subfield code="6">880-10</subfield>
		<subfield code="a">Kitāb al-awwal. Fī al-ʻilm wa-al-ʻaql wa-al-adab wa-al-ḥikmah wa-al-balāghah wa-al-faṣāḥah wa-al-khaṭṭ wa-al-kitābah wa-al-shiʻr wa-al-madḥ wa-al-hijāʼ wa-mā-yushābihuhā --</subfield>
	</datafield>
	<datafield ind1=" " ind2=" " tag="533">
		<subfield code="a">Electronic reproduction.</subfield>
		<subfield code="b">New York, N.Y. :</subfield>
		<subfield code="c">New York University,</subfield>
		<subfield code="d">2019.</subfield>
		<subfield code="5">NNU</subfield>
	</datafield>
	<datafield ind1=" " ind2="0" tag="650">
		<subfield code="a">Arabic poetry</subfield>
		<subfield code="v">Selections.</subfield>
	</datafield>
	<datafield ind1=" " ind2="0" tag="650">
		<subfield code="a">Arabic literature</subfield>
		<subfield code="v">Selections.</subfield>
	</datafield>
	<datafield ind1=" " ind2="7" tag="650">
		<subfield code="a">Arabic literature.</subfield>
		<subfield code="2">fast</subfield>
		<subfield code="0">(OCoLC)fst00812478</subfield>
	</datafield>
	<datafield ind1=" " ind2="7" tag="650">
		<subfield code="a">Arabic poetry.</subfield>
		<subfield code="2">fast</subfield>
		<subfield code="0">(OCoLC)fst00812533</subfield>
	</datafield>
	<datafield ind1="2" ind2=" " tag="710">
		<subfield code="a">American University in Cairo.</subfield>
		<subfield code="b">Library.</subfield>
	</datafield>
	<datafield ind1="0" ind2=" " tag="730">
		<subfield code="a">Arabic Collections Online.</subfield>
	</datafield>
	<datafield ind1="0" ind2="8" tag="776">
		<subfield code="i">Print version:</subfield>
		<subfield code="a">Nājim, ʻAbd al-Raḥmān, active 19th century.</subfield>
		<subfield code="t">Kitāb Hadīyat al-umam wa-yanbūʻ al-ādāb wa-al-ḥikam</subfield>
		<subfield code="w">(UaCaAUL)b12466281</subfield>
		<subfield code="w">(DLC)   73266582 </subfield>
		<subfield code="w">(OCoLC)48384889</subfield>
	</datafield>
	<datafield ind1="4" ind2="0" tag="856">
		<subfield code="u">http://hdl.handle.net/2333.1/dz08kzp0</subfield>
	</datafield>
	<datafield ind1="1" ind2=" " tag="880">
		<subfield code="6">100-01</subfield>
		<subfield code="a">ناجم، عبدالرحمن،,</subfield>
		<subfield code="d">active 19th century.</subfield>
	</datafield>
	<datafield ind1="1" ind2="0" tag="880">
		<subfield code="6">240-02</subfield>
		<subfield code="a">هدية الأمم وينبوع الآداب والحكم</subfield>
	</datafield>
	<datafield ind1="1" ind2="0" tag="880">
		<subfield code="6">245-03</subfield>
		<subfield code="a">كتاب هدية المم وينبوع الآداب والحكم /</subfield>
		<subfield code="c">تأليف حضرة العالم الفاضل والجهبذ النحرير الكامل عزتلو عبد الرحمن ناجم، افندي، المدعي العمومي في ولاية بيروت الجليلة.</subfield>
	</datafield>
	<datafield ind1="3" ind2="0" tag="880">
		<subfield code="6">246-04</subfield>
		<subfield code="a">هدية الأمم وينبوع الآداب والحكم</subfield>
	</datafield>
	<datafield ind1=" " ind2="1" tag="880">
		<subfield code="6">264-05</subfield>
		<subfield code="a">بيروت :</subfield>
		<subfield code="b">طبع في مطبعة جريدة بيروت،</subfield>
		<subfield code="c">1308 هجرية [1890أو1891]-</subfield>
	</datafield>
	<datafield ind1=" " ind2=" " tag="880">
		<subfield code="6">500-06</subfield>
		<subfield code="a">برخصة نظارة المعارف الجليلة.</subfield>
	</datafield>
	<datafield ind1=" " ind2=" " tag="880">
		<subfield code="6">500-07</subfield>
		<subfield code="a">حقوق الطبع محفوظة لإدارة جريدة بيروت.</subfield>
	</datafield>
	<datafield ind1=" " ind2=" " tag="880">
		<subfield code="6">500-08</subfield>
		<subfield code="a">At head of title &quot;طغراء&quot;: عبد الحميد خان بن عبد المجيد المظفر دائما الغازي.</subfield>
	</datafield>
	<datafield ind1=" " ind2=" " tag="880">
		<subfield code="6">500-09</subfield>
		<subfield code="a">&quot;وكان ختام طبع هذه الجزء النفيس في اوائل ذي القعدة الحرام من شهور عام  تسع وثلاثماية وألف من الهجره&quot;Colophon.</subfield>
	</datafield>
	<datafield ind1="1" ind2=" " tag="880">
		<subfield code="6">505-10</subfield>
		<subfield code="a">كتاب الأول. في العلم والعقل والأدب والحكمة والبلاغة والفصاحة والخط والكتابة والشعر والمدح والهجاء ومايشابهها --</subfield>
	</datafield>
	<datafield ind1=" " ind2=" " tag="959">
		<subfield code="a">NNU</subfield>
		<subfield code="b">WEB</subfield>
		<subfield code="c">GENI</subfield>
		<subfield code="t">0</subfield>
		<subfield code="m">Electronic access</subfield>
		<subfield code="s">01</subfield>
	</datafield>
	<datafield ind1=" " ind2=" " tag="999">
		<subfield code="i">UaCaAUL_b12466281</subfield>
		<subfield code="o">(OCoLC)ocm48384889 </subfield>
		<subfield code="s">auc_aco001021:</subfield>
	</datafield>
</record>
